@article{silva2020,
  author  = {Jo√£o da Silva and Maria Oliveira},
  title   = {Named Entity Recognition in Legal Documents},
  journal = {Brazilian Journal of Computer Science},
  volume  = {26},
  number  = {2},
  pages   = {123--134},
  year    = {2020}
}

