@book{machinations,
  title={Engineering Emergence: Applied Theory for Game Design},
  author={Dormans, Joris},
  year={2012},
  publisher={Universiteit van Amsterdam},
  address={Amsterdam},
  isbn={9461907524, 9789461907523},
  url={https://dare.uva.nl/document/2/102091}
}

@book{rl,
  title={Reinforcement Learning: An Introduction},
  author={Sutton, Richard S. and Barto, Andrew G.},
  year={2018},
  publisher={A Bradford Book},
  address={Cambridge, MA, USA},
  isbn={9780262039246},
  url={http://incompleteideas.net/book/the-book-2nd.html}
}

@book{ai,
  title     = {Artificial Intelligence: A Modern Approach},
  author    = {Russell, Stuart J. and Norvig, Peter},
  year      = {2020},
  edition   = {4th},
  publisher = {Pearson},
  isbn      = {9780134610993}
}

@misc{monopoly,
  title        = {Monopoly},
  publisher    = {Parker Brothers},
  year         = {1935},
  note         = {Jogo de tabuleiro referenciado no estudo Engineering Emergence.}
}

@misc{catan,
  title        = {The Settlers of Catan},
  publisher    = {Kosmos (initial edition) / Mayfair Games (English edition)},
  year         = {1995},
  note         = {Jogo de tabuleiro referenciado no estudo Engineering Emergence.}
}

